@article{Effectsmusic,
    title={Effects on music on memory for text},
    author={Patricia Purnell-webb, Craig P. Speelman},
    journal={Review},
    volume={71},
    number={6},
    pages={31},
    year={2008},
    publisher={APS},
}

@online{Jens,
    author = {Andreasson, Jens},
    title = {Webbserverprogrammering med Node och Express},
    url = {https://jens-andreasson.gitbook.io/webbserverprogrammering/webbserver/node-introduktion},
    urldate = {2021-09-03},
}

@book{Fraenkel,
    author={Fraenkel, Lars and Gottfridsson, Daniel and Jonasson, Ulf},
    title={Impuls Fysik. 1},
    publisher={Gleerups},
    address={Malm{\"o}},
    year={2011},
    edition={1. uppl., 2. tr.},
    ISBN={9140674150},
    keywords={Fysik},
} 